
@misc{noauthor_benchmarks_nodate,
	title = {Benchmarks {Of} {Many} {ARM} {Boards} {From} {The} {Raspberry} {Pi} {To} {NVIDIA} {Jetson} {TX}2 - {Phoronix}},
	url = {https://www.phoronix.com/scan.php?page=article&item=march-2017-arm&num=2},
	urldate = {2018-05-01},
	file = {Benchmarks Of Many ARM Boards From The Raspberry Pi To NVIDIA Jetson TX2 - Phoronix:files/41/scan.html:text/html}
}

@misc{noauthor_pixy_nodate,
	title = {Pixy ({CMUcam}5) for {LEGO} ‚Äì {Charmed} {Labs}},
	url = {http://charmedlabs.com/default/pixy-lego/},
	urldate = {2018-05-01},
	file = {Pixy (CMUcam5) for LEGO ‚Äì Charmed Labs:files/43/pixy-lego.html:text/html}
}

@misc{noauthor_pixy_nodate-1,
	title = {Pixy ({CMUcam}5)},
	url = {http://charmedlabs.com/default/pixy-cmucam5/},
	abstract = {‚ÄúThis is the single most important robotics product since the Arduino.‚Äù ‚Äî Ted Macy, Robot Magazine Pixy lets your robot track colored objects. It‚Äôs fast, easy to use, and works with your favorite microcontroller. Make something fun üôÇ ¬† ¬† Robot vision made easy Pixy is a fast vision sensor for DIY robotics and similar ‚Ä¶},
	language = {en-US},
	urldate = {2018-05-01},
	journal = {Charmed Labs},
	file = {Snapshot:files/45/pixy-cmucam5.html:text/html}
}

@misc{noauthor_overview_nodate,
	title = {Overview - {CMUcam}5 {Pixy} - {CMUcam}: {Open} {Source} {Programmable} {Embedded} {Color} {Vision} {Sensors}},
	url = {http://cmucam.org/projects/cmucam5},
	urldate = {2018-05-01},
	file = {Overview - CMUcam5 Pixy - CMUcam\: Open Source Programmable Embedded Color Vision Sensors:files/47/cmucam5.html:text/html}
}