
@misc{noauthor_pixy_nodate,
	title = {Pixy ({CMUcam}5)},
	url = {http://charmedlabs.com/default/pixy-cmucam5/},
	abstract = {“This is the single most important robotics product since the Arduino.” — Ted Macy, Robot Magazine Pixy lets your robot track colored objects. It’s fast, easy to use, and works with your favorite microcontroller. Make something fun 🙂     Robot vision made easy Pixy is a fast vision sensor for DIY robotics and similar …},
	language = {en-US},
	urldate = {2018-05-01},
	journal = {Charmed Labs},
	file = {Snapshot:files/45/pixy-cmucam5.html:text/html}
}