
IEEEexample.bib
V1.14(2015/08/26)
Copyright(c)2002-2015byMichaelShell
See:http://www.michaelshell.org/
forcurrentcontactinformation.

ThisisanexampleBibTeXdatabasefortheofficialIEEEtran.bst
BibTeXstylefile.

SomeentriescallstringsthataredefinedintheIEEEabrv.bibfile.
Therefore,IEEEabrv.bibshouldbeloadedpriortothisfile.
Usage:

\bibliographystyle{./IEEEtran}
\bibliography{./IEEEabrv,./IEEEexample}


Supportsites:
http://www.michaelshell.org/tex/ieeetran/
http://www.ctan.org/pkg/ieeetran
and/or
http://www.ieee.org/

*************************************************************************
LegalNotice:
Thiscodeisofferedas-iswithoutanywarrantyeitherexpressedor
implied;withouteventheimpliedwarrantyofMERCHANTABILITYor
FITNESSFORAPARTICULARPURPOSE!
Userassumesallrisk.
InnoeventshalltheIEEEoranycontributortothiscodebeliablefor
anydamagesorlosses,including,butnotlimitedto,incidental,
consequential,oranyotherdamages,resultingfromtheuseormisuse
ofanyinformationcontainedhere.

Allcommentsaretheopinionsoftheirrespectiveauthorsandarenot
necessarilyendorsedbytheIEEE.

ThisworkisdistributedundertheLaTeXProjectPublicLicense(LPPL)
(http://www.latex-project.org/)version1.3,andmaybefreelyused,
distributedandmodified.AcopyoftheLPPL,version1.3,isincluded
inthebaseLaTeXdocumentationofalldistributionsofLaTeXreleased
2003/12/01orlater.
Retainallcontributionnoticesandcredits.
**Modifiedfilesshouldbeclearlyindicatedassuch,including**
**renamingthemandchangingauthorsupportcontactinformation.**
*************************************************************************


Notethat,becausetheexamplereferencesweretakenfromactualIEEE
publications,theseexamplesdonotalwayscontainthefullamount
ofinformationthatmaybedesirable(forusewithotherBibTeXstyles).
Inparticular,fullnames(notabbreviatedwithinitials)shouldbe
enteredwheneverpossibleassome(non-IEEE)bibliographystylesuse
fullnames.IEEEtran.bstwillautomaticallyabbreviatewhenitencounters
fullnames.




referencesfortheIEEEtran.bstdocumentation
IEEEtranhomepage
@electronic{IEEEhowto:IEEEtranpage,
author="MichaelShell",
title="{IEEE}tranHomepage",
url="http://www.michaelshell.org/tex/ieeetran/",
year="2015"
}

@online{RAPPTORLAB,
author="Rapptorlab",
title="Rapptorlabwebsite",
url="https://rapptor.vub.ac.be",
month=May,
year="2017",
language={english}
}

@online{VUB_Style_titlepage,
author="RubenDeSmet",
title="GitrepoofforthetitlepageoftheVUB",
url="https://gitlab.com/rubdos/texlive-vub",
month=May,
year="2017",
language={english}
}


thedistributionsiteforIEEEtran.bst
@electronic{IEEEexample:shellCTANpage,
author="MichaelShell",
title="{IEEE}tranWebpageon{CTAN}",
url="http://www.ctan.org/pkg/ieeetran",
year="2015"
}


theIEEEwebsite
sortkeyisneededforsortingstyles
@electronic{IEEEexample:IEEEwebsite,
title="The{IEEE}Website",
url="http://www.ieee.org/",
year="2015",
key="IEEE"
}


TheBibTeXuser'sguide.
ThefilenamecouldhavebeenputintheURLinstead.But,theremight
beotherinterestingthingsfortheuserinthesamedirectory-and
thefilenamemightchangebeforethedirectorythatcontainsit.
@electronic{IEEEexample:bibtexuser,
author="OrenPatashnik",
title="{{\BibTeX}}ing",
howpublished="{btxdoc.pdf}",
url="http://www.ctan.org/pkg/bibtex",
month=nov,
year="2010"
}


TheBibTeXstyledesigner'sguide.
@electronic{IEEEexample:bibtexdesign,
author="OrenPatashnik",
title="Designing{{\BibTeX}}Styles",
howpublished="{btxhak.pdf}",
url="http://www.ctan.org/pkg/bibtex",
month=nov,
year="2010"
}


AcomprehensiveBibTeXtutorial.
@electronic{IEEEexample:tamethebeast,
author="NicolasMarkey",
title="TametheBeaST---TheBtoXof{{\BibTeX}}",
url="http://www.ctan.org/pkg/tamethebeast",
month=oct,
year="2009"
}


TheBibTeXTipsandFAQguide.
@electronic{IEEEexample:bibtexFAQ,
author="DavidHoadleyandMichaelShell",
title="{{\BibTeX}}Tipsand{FAQ}",
howpublished="{btxFAQ.pdf}",
url="http://mirror.ctan.org/biblio/bibtex/contrib/doc/btxFAQ.pdf",
month=jan,
year="2007"
}


TheTeXFAQ
@electronic{IEEEexample:texfaq,
author="RobinFairbairns",
title="The{{\TeX}}{FAQ}",
url="http://www.tex.ac.uk/",
month=jun,
year="2014"
}


ABibTeXGuideviaExamples.
@electronic{IEEEexample:bibtexguide,
author="Ki-JooKim",
title="A{{\BibTeX}}GuideviaExamples",
howpublished="{bibtex\_guide.pdf}",
url="http://www.geocities.ws/kijoo2000/",
month=nov,
year="2005"
}


TeXUserGroupBibliographyArchive
@electronic{IEEEexample:beebe_archive,
author="NelsonH.F.Beebe",
title="{{\TeX}}UserGroupBibliographyArchive",
url="http://www.math.utah.edu/pub/tex/bib/index-table.html",
month=dec,
year="2010"
}


@electronic{IEEEexample:natbib,
author="PatrickW.DalyandArthurOgawa",
title="Thenatbibpackage",
url="http://www.ctan.org/pkg/natbib",
month=sep,
year="2010"
}


@electronic{IEEEexample:urlsty,
author="DonaldArseneau",
title="Theurlpackage",
url="http://www.ctan.org/pkg/url",
month=dec,
year="2013"
}


@electronic{IEEEexample:hyperref,
author="SebastianRahtzandHeikoOberdiek",
title="Thehyperrefpackage",
url="http://www.ctan.org/pkg/hyperref",
month=nov,
year="2012"
}


@electronic{IEEEexample:breakurl,
author="VilardaCamaraNeto",
title="Thebreakurlpackage",
url="http://www.ctan.org/pkg/breakurl",
month=apr,
year="2013",
}


@electronic{IEEEexample:babel,
author="JohannesL.BraamsandJavierBezos",
title="The{Babel}package",
url="http://www.ctan.org/pkg/babel",
month=sep,
year="2014"
}


@electronic{IEEEexample:multibib,
author="ThorstenHansen",
title="Themultibibpackage",
url="http://www.ctan.org/pkg/multibib",
month=dec,
year="2008"
}


@electronic{IEEEexample:biblatex,
author="PhilippLehmanandPhilipKime",
title="Thebiblatexpackage",
url="http://www.ctan.org/pkg/biblatex",
month=apr,
year="2015"
}




Thethreemostcommonandtypicaltypesofreferencesusedin
IEEEpublications:

anarticleinajournal
NotetheuseoftheIEEE_J_EDLstring,definedintheIEEEabrv.bibfile,
forthejournalname.IEEEtran.bstdefinestheBibTeXstandardthree
lettermonthcodesperIEEEstyle.
FromtheJune2002issueof"IEEETransactionsonElectronDevices",
page996,reference#16.
@article{IEEEexample:article_typical,
author="S.ZhangandC.ZhuandJ.K.O.SinandP.K.T.Mok",
title="ANovelUltrathinElevatedChannelLow-temperature
Poly-{Si}{TFT}",
journal=IEEE_J_EDL,
volume="20",
month=nov,
year="1999",
pages="569-571"
}


journalarticleusingetal.
The(five)authorsareactually:F.Delorme,S.Slempkes,G.Alibert,
B.Rose,J.Brandon
Themonth(July)wasnotgivenhere.
FromtheSeptember1998issueof"IEEEJournalonSelectedAreasin
Communications",page1257,reference#28.
@article{IEEEexample:articleetal,
author="F.Delormeandothers",
title="Butt-jointed{DBR}LaserWith15{nm}TunabilityGrown
inThree{MOVPE}Steps",
journal="Electron.Lett.",
volume="31",
number="15",
year="1995",
pages="1244-1245"
}


apaperinaconferenceproceedings
"conference"canbeusedasanaliasfor"inproceedings"
FromtheJune2002issueof"JournalofMicroelectromechanicalSystems",
page205,reference#16.
@inproceedings{IEEEexample:conf_typical,
author="R.K.GuptaandS.D.Senturia",
title="Pull-inTimeDynamicsasaMeasureofAbsolutePressure",
booktitle="Proc.{IEEE}InternationalWorkshopon
MicroelectromechanicalSystems({MEMS}'97)",
address="Nagoya,Japan",
month=jan,
year="1997",
pages="290-294"
}


abook
FromtheMay2002issueof"IEEETransactionsonMagnetics",
page1466,reference#4.
@book{IEEEexample:book_typical,
author="B.D.Cullity",
title="IntroductiontoMagneticMaterials",
publisher="Addison-Wesley",
address="Reading,MA",
year="1972"
}




Otherexamples

journalarticlewithlargepagenumbers,theIEEEwilldividenumbers5digits
orlongerintogroupsofthreewithsmallspacesbetweenthem.Pageranges
canbeseparatedviaeither"-"or"--",IEEEtran.bstwillautomatically
converttheseparatordash(es)to"--".
Authorsand/ortheIEEEdonotalwaysprovide/usethejournalnumber,butit
wasusedinthiscase.IEEEtran.bstcanbeconfiguredtoignorejournal
numbersifdesired.
FromtheAugust2000issueof"IEEEPhotonicsTechnologyLetters",
page1039,reference#11.
@article{IEEEexample:articlelargepages,
author="A.CastaldiniandA.CavalliniandB.Fraboni
andP.FernandezandJ.Piqueras",
title="MidgapTrapsRelatedtoCompensationProcessesin
{CdTe}Alloys",
journal="Phys.Rev.B.",
volume="56",
number="23",
year="1997",
pages="14897-14900"
}


journalarticlewithdualmonths
usetheBibTeX"#"concatenationoperator
FromtheMarch2002issueof"IEEETransactionsonMechatronics",
page21,reference#8.
@article{IEEEexample:articledualmonths,
author="Y.OkadaandK.DejimaandT.Ohishi",
title="AnalysisandComparisonof{PM}SynchronousMotorand
InductionMotorTypeMagneticBearings",
journal=IEEE_J_IA,
volume="31",
month=sep#"/"#oct,
year="1995",
pages="1047-1053"
}


journalarticletobepublishedasamiscentrytype
dateinformationlikemonthandyearisoptional
However,thearticleformlikethatbelowmaybeabetterapproach.
FromtheMay2002issueof"IEEEJournalofSelectedAreasin
Communication",page725,reference#3.
@misc{IEEEexample:TBPmisc,
author="M.CoatesandA.HeroandR.NowakandB.Yu",
title="InternetTomography",
howpublished=IEEE_M_SP,
month=may,
year="2002",
note="tobepublished"
}


journalarticletobepublishedasanarticleentrytype
yearisrequired,soifabsent,usetheyearfieldtohold
the"submittedforpublication"inordertoavoidawarningfor
themissingyearfield.
FromtheJune2002issueof"IEEETransactionsonInformationTheory",
page1461,reference#21.
@article{IEEEexample:TBParticle,
author="N.KahaleandR.Urbanke",
title="OntheMinimumDistanceofParallelandSerially
ConcatenatedCodes",
journal=IEEE_J_IT,
year="submittedforpublication"
}





bookwitheditorandnoauthor
FromtheJune2002issueof"IEEETransactionsonInformationTheory",
page1725,reference#1.
@book{IEEEexample:bookwitheditor,
editor="J.C.CandyandG.C.Temes",
title="OversamplingDelta-SigmaDataConvertersTheory,
DesignandSimulation",
publisher="{IEEE}Press.",
address="NewYork",
year="1992"
}


bookwithedition,authorandeditor
NotethatthestandardBibTeXstylesdonotsupportbookentrieswithboth
authorandeditorfields,butIEEEtran.bstdoes.
ThestandardBibTeXwayofspecifyingtheeditionistousecapitalized
ordinalwordssuchas"First","Second",etc.Most.bstfilescanconvert
uptoabout"Fifth"intotheformatneeded.IEEEtran.bstcanconvertup
to"Tenth"tothe"Arabicordinal"formtheIEEEuses(e.g.,"10th").For
editionsoverthetenth,itisbesttousethe"Arabicordinal"formfor
IEEErelatedwork(e.g.,"101st")
Notehow"Jr."hastobeentered.
FromtheMay2002issueof"JournalofLightwaveTechnology",page856,
reference#17.
@book{IEEEexample:book,
author="S.M.MetevandV.P.Veiko",
editor="Osgood,Jr.,R.M.",
title="LaserAssistedMicrotechnology",
edition="Second",
publisher="Springer-Verlag",
address="Berlin,Germany",
year="1998"
}


bookwithseriesandvolume
FromtheJanuary2000issueof"IEEETransactionsonCommunications",
page11,reference#31.
@book{IEEEexample:bookwithseriesvolume,
editor="J.Breckling",
title="TheAnalysisofDirectionalTimeSeries:Applicationsto
WindSpeedandDirection",
series="LectureNotesinStatistics",
publisher="Springer",
address="Berlin,Germany",
year="1989",
volume="61"
}


inbookwithchapternumber.Thepagesfieldcouldalsohavebeengiven.
Thechapternumbercouldbechangedtosomethingelsesuchasasection
numberviathetypefield:type="sec.".
FromtheMay2002issueof"IEEETransactionsonCircuitsandSystems---I:
FundamentalApplicationsandTheory",page638,reference#22.
@inbook{IEEEexample:inbook,
author="H.E.Rose",
title="ACourseinNumberTheory",
publisher="OxfordUniv.Press",
address="NewYork,NY",
year="1988",
chapter="3"
}


inbookwithpagesandnote.ThelanguagefieldisnotsettoRussian
becausethetitleispresentedhereinitstranslated,English,form.
FromtheMay2002issueof"IEEETransactionsonMagnetics",page1533,
reference#5.
@inbook{IEEEexample:inbookpagesnote,
author="B.K.Bul",
title="TheoryPrinciplesandDesignofMagneticCircuits",
publisher="EnergiaPress",
address="Moscow",
year="1964",
pages="464",
note="(inRussian)"
}





incollectionwithauthorandeditor
FromtheMay2002issueof"JournalofLightwaveTechnology",
page807,reference#7.
@incollection{IEEEexample:incollection,
author="W.V.Sorin",
editor="D.Derickson",
title="OpticalReflectometryforComponentCharacterization",
booktitle="FiberOpticTestandMeasurement",
publisher="Prentice-Hall",
address="EnglewoodCliffs,NJ",
year="1998"
}


incollectionwithseries
FromtheApril2000issueof"IEEETransactionsonCommunication",
page609,reference#3.
@incollection{IEEEexample:incollectionwithseries,
author="J.B.AndersonandK.Tepe",
title="PropertiesoftheTailbiting{BCJR}Decoder",
booktitle="Codes,SystemsandGraphicalModels",
series="{IMA}VolumesinMathematicsandItsApplications",
publisher="Springer-Verlag",
address="NewYork",
year="2000"

}


incollectionwithauthor,editor,chapterandpages
FromtheJanuary2000issueof"IEEETransactionsonCommunications",
page16,reference#9.
@incollection{IEEEexample:incollection_chpp,
author="P.HedelinandP.KnagenhjelmandM.Skoglund",
editor="W.B.KleijnandK.K.Paliwal",
title="TheoryforTransmissionofVectorQuantizationData",
booktitle="SpeechCodingandSynthesis",
publisher="ElsevierScience",
address="Amsterdam,TheNetherlands",
year="1995",
chapter="10",
pages="347-396"
}


incollectionwithalargenumberofauthors,someauthors/journalswill
useetal.forsomanynames.IEEEtran.bstcanbeconfiguredtodothis
ifdesired,or"R.M.A.Dawsonandothers"canbeusedinstead.
NotethattheIEEEmaynotincludethepublisherforincollectionentries-
IEEEtran.bstwillnotissueawarningifthepublisherismissingfor
incollections-butother.bstfilesoftenwill.
FromtheJune2002issueof"IEEETransactionsonElectronDevices",
page996,reference#12.
@incollection{IEEEexample:incollectionmanyauthors,
author="R.M.A.DawsonandZ.ShenandD.A.Furstand
S.ConnorandJ.HsuandM.G.KaneandR.G.Stewartand
A.IpriandC.N.KingandP.J.GreenandR.T.Flegal
andS.PearsonandW.A.BarrowandE.DickeyandK.Ping
andC.W.TangandS.Van.Slykeand
F.ChenandJ.ShiandJ.C.SturmandM.H.Lu",
title="DesignofanImprovedPixelforaPolysilicon
Active-MatrixOrganic{LED}Display",
booktitle="{SID}Tech.Dig.",
volume="29",
year="1998",
pages="11-14"
}





AMotoroladatabookasamanual
Itissomewhatunusualtoincludethedatabookpartnumber.
inthetitle.Itmightbemorecorrecttoputthisinformation
inthehowpublishedfieldinstead.
FromtheDecember2000issueof"IEEETransactionsonCommunications",
page1986,reference#10.
@manual{IEEEexample:motmanual,
title="{FLEXChip}SignalProcessor({MC68175/D})",
organization="Motorola",
year="1996"
}


samereference,butusingIEEEtran'showpublishedextension
@manual{IEEEexample:motmanualhowpub,
title="{FLEXChip}SignalProcessor",
howpublished="{MC68175/D}",
organization="Motorola",
year="1996"
}




conferencepaperwithanaddressanddays.Somejournalscapitalizethe
lettersin"Globecom",thisonedidnot.
FromtheMay2002issueof"IEEETransactionsonCommunications",
page697,reference#12.
@inproceedings{IEEEexample:confwithadddays,
author="M.S.YeeandL.Hanzo",
title="RadialBasisFunctionDecisionFeedbackEqualiser
AssistedBurst-by-burstAdaptiveModulation",
booktitle="Proc.{IEEE}Globecom'99",
address="RiodeJaneiro,Brazil",
month=dec#"5--9,",
year="1999",
pages="2183-2187"
}


conferencepaperwithvolumenumber.Aconferenceproceedingswithavol
numberisalittleuncommon,notethatthevolnumberisplaced
beforetheaddressintheformattedbibliographyentry
FromtheApril2002issueof"IEEE/ACMTransactionsonNetworking",
page181,reference#26.
@inproceedings{IEEEexample:confwithvolume,
author="M.YajnikandS.B.MoonandJ.KuroseandD.Towsley",
title="MeasurementandModelingoftheTemporalDependencein
PacketLoss",
booktitle="Proc.{IEEE}{INFOCOM}'99",
volume="1",
address="NewYork,NY",
month=mar,
year="1999",
pages="345-352"
}


conferencepaperwithapapernumber,thetypefieldcanbeusedto
overridetheword"paper",e.g.,type="postdeadlinepaper".Atype
canbegivenevenwithoutapaperfield.
Also,IEEEtran.bstcanbeconfiguredtoignorepapernumbersandtypes.
FromtheMay2002issueof"JournalofLightwaveTechnology",
page807,reference#4.
@inproceedings{IEEEexample:confwithpaper,
author="M.WegmullerandJ.P.vonderWeidandP.Oberson
andN.Gisin",
title="HighResolutionFiberDistributedMeasurementsWith
Coherent{OFDR}",
booktitle="Proc.{ECOC}'00",
year="2000",
paper="11.3.4",
pages="109"
}


conferencepaperwithapostdeadlinetypepaper,thepaperfieldis
optional.
FromtheAugust2000issueof"IEEEPhotonicsTechnologyLetters",
page1087,reference#12.
@inproceedings{IEEEexample:confwithpapertype,
author="B.MikkelsenandG.RaybonandR.-J.Essiambreand
K.DreyerandY.Su.andL.E.NelsonandJ.E.Johnson
andG.ShtengelandA.BondandD.G.Moodieand
A.D.Ellis",
title="160{Gbit/s}Single-channelTransmissionOver300km
Nonzero-dispersionFiberWithSemiconductorBased
TransmitterandDemultiplexer",
booktitle="Proc.{ECOC}'99",
year="1999",
paper="2-3",
type="postdeadlinepaper",
pages="28-29"
}


presentedataconference
intypeoverridesthedefault"in"andcausesthebooktitlenottobe
emphasized(renderedinitalics).
FromtheFebruary2002issueof"IEEE/ACMTransactionsonNetworking",
page163,reference#6.
@inproceedings{IEEEexample:presentedatconf,
author="S.G.FinnandM.M{\'e}dardandR.A.Barry",
title="ANovelApproachtoAutomaticProtectionSwitching
UsingTrees",
intype="presentedatthe",
booktitle="Proc.Int.Conf.Commun.",
year="1997"
}





master'sthesis,oftentheUniversitynamewillbeabbreviatedandthe
stateorcountrywillbeincludedintheaddress.Thetypefieldcan
usedtooverridethedefaulttype"Master'sthesis"
FromtheJune2002issueof"IEEETransactionsonMicroelectromechanical
Systems",page186,reference#11.
@mastersthesis{IEEEexample:masters,
author="NinC.Loh",
title="High-ResolutionMicromachinedInterferometric
Accelerometer",
school="MassachusettsInstituteofTechnology",
address="Cambridge",
year="1992"
}


master'sthesiswithatypefield
FromtheAugust2001issueof"IEEE/ACMTransactionsonNetworking",
page391,reference#12.
@mastersthesis{IEEEexample:masterstype,
author="A.Karnik",
title="Performanceof{TCP}CongestionControlwithRate
Feedback:{TCP/ABR}andRateAdaptive{TCP/IP}",
school="IndianInstituteofScience",
type="M.Eng.thesis",
address="Bangalore,India",
month=jan,
year="1999"
}





Ph.D.dissertationwithaURLfield,theuniversityisabbreviated
FromtheOctober2001issueof"IEEE/ACMTransactionsonNetworking",
page590,reference#11.
@phdthesis{IEEEexample:phdurl,
author="Q.Li",
title="DelayCharacterizationandPerformanceControlof
Wide-areaNetworks",
school="Univ.ofDelaware",
address="Newark",
month=may,
year="2000",
url="http://www.ece.udel.edu/~qli"
}





technicalreport
FromtheAugust2001issueof"IEEE/ACMTransactionsonNetworking",
page490,reference#15.
@techreport{IEEEexample:techrep,
author="R.JainandK.K.RamakrishnanandD.M.Chiu",
title="CongestionAvoidanceinComputerNetworkswitha
ConnectionlessNetworkLayer",
institution="DigitalEquipmentCorporation",
address="MA",
number="DEC-TR-506",
month=aug,
year="1987"
}


technicalreportwithtype
forthosetimeswhen"Tech.Rep."needstobemodified
FromtheFebruary2001issueof"IEEE/ACMTransactionsonNetworking",
page46,reference#8.
@techreport{IEEEexample:techreptype,
author="J.PadhyeandV.FiroiuandD.Towsley",
title="AStochasticModelof{TCP}{R}enoCongestionAvoidance
andControl",
institution="Univ.ofMassachusetts",
address="Amherst,MA",
type="CMPSCITech.Rep.",
number="99-02",
year="1999"
}


technicalreportwithtype
forthosetimeswhen"Tech.Rep."needstobemodified
Thisreferencedidnothaveanaddress.
FromtheJanuary2000issueof"IEEETransactionsonCommunications",
page117,reference#6.
@techreport{IEEEexample:techreptypeii,
author="D.MiddletonandA.D.Spaulding",
title="ATutorialReviewofElementsofWeakSignalDetection
inNon-{G}aussian{EMI}Environments",
institution="NationalTelecommunicationsandInformation
Administration({NTIA}),U.S.Dept.ofCommerce",
type="NTIAReport",
number="86-194",
month=may,
year="1986"
}


technicalreport,standardsrevision/changesubmissionreport
FromtheJune2004issueof"IEEEJournalofSelectedAreasinCommunications",
page928,reference#9.
Notethatsomejournalsdonotabbreviatethetaskgroup:"TGe"=>"TaskGroupE"
@techreport{IEEEexample:techrepstdsub,
author="S.Kandala",
title="Changesto{A}nnex{D}",
institution="{IEEE}802.11{TGe}",
number="02/680r0",
month=oct,
year="2002"
}




anunpublishedwork
forunpublishedtypes,thenotefieldisrequired.TheIEEEusually
justusestheword"unpublished"forthenote.
FromtheAugust2001issueof"IEEE/ACMTransactionsonNetworking",
page391,reference#16.
@unpublished{IEEEexample:unpublished,
author="T.J.OttandN.Aggarwal",
title="{TCP}over{ATM}:{ABR}or{UBR}",
note="Unpublished"
}





electronicwithahowpublishedinformationfield
FromtheAugust2001issueof"IEEE/ACMTransactionsonNetworking",
page391,reference#7.
@electronic{IEEEexample:electronhowinfo,
author="V.Jacobson",
title="Modified{TCP}CongestionAvoidanceAlgorithm",
howpublished="end2end-interestmailinglist",
url="ftp://ftp.isi.edu/end2end/end2end-interest-1990.mail",
month=apr,
year="1990"
}


electronicwithahowpublishedinformationfield
FromtheAugust2001issueof"IEEE/ACMTransactionsonNetworking",
page418,reference#31.
@electronic{IEEEexample:electronhowinfo2,
author="V.ValloppillilandK.W.Ross",
title="CacheArrayRoutingProtocolv1.1",
howpublished="Internetdraft",
url="http://ds1.internic.net/internet-drafts/draft-vinod-carp-v1-03.txt",
year="1998"
}


electronicwithanorganizationandaddress
FromtheFebruary2002issueof"IEEE/ACMTransactionsonNetworking",
page114,reference#15.
@electronic{IEEEexample:electronorgadd,
author="D.H.LorenzandA.Orda",
title="OptimalPartitionof{QoS}RequirementsonUnicast
PathsandMulticastTrees",
organization="Dept.Elect.Eng.,Technion",
address="Haifa,Israel",
url="ftp://ftp.technion.ac.il/pub/supported/ee/Network/lor.mopq98.ps",
month=jul,
year="1998"
}





U.S.patent
Usethetypefieldtooverridethepatenttype.e.g.,
type="PatentApplication"
Theaddressisthatoftheassignee.NotethattheIEEEdoesnot
displaytheassignee,theaddress,andonlydisplaysonedate.
(ifyearisnotpresent,thefileddatesareused.)However,this
informationshouldbeenteredasotherBibTeXstylesmayuseit.
alternatively,nationalitycouldbeenteredas"U.S."
FromtheApril2000issueof"IEEETransactionsonCommunications",
page542,reference#6.
@patent{IEEEexample:uspat,
author="RonaldE.SoraceandVictorS.Reinhardtand
StevenA.Vaughn",
assignee="HughesAircraftCompany",
address="LosAngeles,CA",
title="High-SpeedDigital-to-{RF}Converter",
nationality="UnitedStates",
number="5668842",
dayfiled="28",
monthfiled=feb,
yearfiled="1995",
day="16",
month=sep,
year="1997"
}


JapanesePatent
FromtheApril2000issueof"IEEETransactionsonCommunications",
page556,reference#6.
@patent{IEEEexample:jppat,
author="U.Hideki",
title="QuadratureModulationCircuit",
nationality="Japanese",
number="152932/92",
day="20",
month=may,
year="1992"
}


FrenchPatentrequest
Thelanguagefieldmustbeenteredinlowercase
asthisistheoptionnameBabeluses.Thenationalityfieldneedstobe
capitalized.Becausethisisapatentrequest,thedatefiledfieldsare
usedwhilethedatefieldsareleftempty/missing.Inothercountries,
thewords"PatentApplication",etc.areusedinstead.
FromtheApril2000issueof"IEEETransactionsonCommunications",
page556,reference#9.
@patent{IEEEexample:frenchpatreq,
author="F.KowalikandM.Isard",
title="Estimateurd'unD{\'e}fautdeFonctionnement
d'unModulateurenQuadratureet{\'E}tagedeModulation
l'Utilisant",
language="french",
nationality="French",
type="PatentRequest",
number="9500261",
dayfiled="11",
monthfiled=jan,
yearfiled="1995"
}





aperiodical
FromtheApril2001issueof"IEEE/ACMTransactionsonNetworking",
page160,reference#1.
sortkeyisneededforsortingstyles
@periodical{IEEEexample:periodical,
title=IEEE_M_PCOM#",SpecialIssueonWireless{ATM}",
volume="3",
month=aug,
year="1996",
key="IEEE"
}





astandard
TheIEEEdoesnotusetheaddressforstandards,butitisgood
toprovideoneforBibTeXstylesthatuseit.
FromtheAugust2001issueof"IEEE/ACMTransactionsonNetworking",
page451,reference#2.
@standard{IEEEexample:standard,
title="Wireless{LAN}MediumAccessControl{(MAC)}and
PhysicalLayer{(PHY)}Specification",
organization="IEEE",
address="Piscataway,NJ",
number="802.11",
year="1997"
}


standardwithtypeandrevision,thetypeoverridesthewordstandard
(orstd.).Hereastandardnumberisnotavailableandarevisionnumber
isused.
FromtheAugust2000issueof"IEEEPhotonicsTechnologyLetters",
page1048,reference#13.
@standard{IEEEexample:standardproposed,
title="FiberChannelPhysicalInterface({FC-PI})",
institution="NCITS",
address="Washington,DC",
type="WorkingDraftProposedStandard",
revision="5.2",
year="1999"
}


standarddraftasamiscwithauthor
FromtheMay2002issueof"IEEEJournalofSelectedAreasin
Communication",page725,reference#16.
@misc{IEEEexample:draftasmisc,
author="I.WidjajaandA.Elwalid",
title="{MATE}:{MPLS}AdaptiveTrafficEngineering",
howpublished="IETFDraft",
year="1999"
}





miscforatechreportlikereference
techreportisnotperfectlysuitablebecausethisentrylacks
aninstitutionfield
FromtheAugust2001issueof"IEEE/ACMTransactionsonNetworking",
page490,reference#22.
@misc{IEEEexample:miscforum,
author="L.Roberts",
title="EnhancedProportionalRateControlAlgorithm{PRCA}",
howpublished="{ATM}ForumContribution94-0735R1",
month=aug,
year="1994"
}


miscforawhitepaper
FromtheAugust2001issueof"IEEE/ACMTransactionsonNetworking",
page478,reference#4-Notethatthereferencethere(improperly?)
usedtheauthorfieldfor"Cisco".
@misc{IEEEexample:whitepaper,
title="Advanced{QoS}ServicesfortheIntelligentInternet",
howpublished="WhitePaper",
organization="Cisco",
month=may,
year="1997"
}


miscforadatasheet
FromtheNovember2000issueof"IEEEPhotonicsTechnologyLetters",
page1551,reference#6.
@misc{IEEEexample:datasheet,
title="{PDCA12-70}DataSheet",
organization="OptoSpeedSA",
address="Mezzovico,Switzerland"
}





Otherunusualreferences

aprivatecommunicationasamiscentrytype
sometimesthedesignation"personalcommunication"isusedinstead
FromtheJune2002issueof"IEEETransactionsonInformationTheory",
page1725,reference#16.
@misc{IEEEexample:private,
author="S.Konyagin",
howpublished="privatecommunication",
year="1998"
}


aninternetrequestforcomments(RFC)asamiscentrytype
ItwouldalsobenicetoaddaURLtothesetypesofthings.
RFCscanalsobehandledaselectronicreferences.
FromtheApril2002issueof"IEEE/ACMTransactionsonNetworking",
page181,reference#14.
@misc{IEEEexample:miscrfc,
author="K.K.RamakrishnanandS.Floyd",
title="AProposaltoAddExplicitCongestion
Notification({ECN})to{IP}",
howpublished="RFC2481",
month=jan,
year="1999"
}


asoftwarepackageasamanual
FromtheJune2002issueof"IEEE/ASMEJournalofMicroelectromechanical
Systems",page205,reference#20.
Sometimestheyputtheversion/releaseinformationinthetitle.
@manual{IEEEexample:softmanual,
title="SaberDesignerReferenceManual",
organization="Analogy,Inc.",
address="Beaverton,OR",
year="1998",
note="Release4.3"
}


asoftwarepackageasanelectronicreference
FromtheFebruary2003issueof"IEEE/ACMTransactionsonNetworking",
page46,reference#24.Ifthereisnoauthorororganization,asorting
keyisrequiredforsortingstyles.Itmightbeagoodideatoinclude
monthandyearfieldsaswell.
@electronic{IEEEexample:softonline,
title="Ucb/lbnl/vintNetworkSimulator---ns(Version2)",
url="http://www-mash.cs.berkeley.edu/ns/",
key="ns"
}


miscforaGermanregulation
InGerman,thefirstlettersofnounsarecapitalized,sowedosohere.
FromtheJune2002issueof"IEEEJournalinSelectedAreasin
Communication",page892,reference#9.
@misc{IEEEexample:miscgermanreg,
title="{M}essungvon{S}t{\"o}rfeldernan{A}nlagen
und{L}eitungender{T}elekommunikationim
{F}requenzbereich9{kHz}bis3{GHz}",
language="german",
howpublished="{M}e{\ss}vorschrift{R}eg{TP}{MV}05",
organization="Regulierungsbeh{\"o}rdef{\"u}r{T}elekommunikationund
{P}ost({R}eg{TP})"
}



WaystohandlethingslikeCCSDS'sBlueBooks
journalarticlewithaURL.However,thisisnotaverygoodapproach
becausetheBlueBooksarenotreallyjournalsandtheauthorfieldhas
tobeabused.
FromtheJune2002issueof"IEEETransactionsonInformationTheory",
page1461,reference#7.
@article{IEEEexample:bluebookarticle,
author="{ConsulativeCommitteeforSpaceDataSystems(CCSDS)}",
title="TelemetryChannelCoding",
journal="BlueBook",
number="4",
year="1999",
url="http://www.ccsds.org/documents/pdf/CCSDS-101.0-B-4.pdf"
}


CCSDS'sBlueBookhandledasabook
However,itisnotagoodideatohavetousetheauthorfieldfor
anorganization(doneherebecausethebookentrytyperequiresan
authorfield).
@book{IEEEexample:bluebookbook,
author="{ConsulativeCommitteeforSpaceDataSystems(CCSDS)}",
title="TelemetryChannelCoding",
series="BlueBook",
number="4",
publisher="{CCSDS}",
address="NewportBeach,{CA}",
year="1999",
url="http://www.ccsds.org/documents/pdf/CCSDS-101.0-B-4.pdf"
}


CCSDS'sBlueBookhandledasamanual
Thisisamuchbetterapproach,butusesthehowpublishedfield.
@manual{IEEEexample:bluebookmanual,
title="TelemetryChannelCoding",
howpublished="ser.BlueBook,No.4",
organization="ConsulativeCommitteeforSpaceDataSystems(CCSDS)",
address="NewportBeach,CA",
year="1999",
url="http://www.ccsds.org/documents/pdf/CCSDS-101.0-B-4.pdf"
}



CCSDS'sBlueBookhandledasastandard
Probablythebestapproachforthisparticularcasebecausethework
isstandardrelated.NotethattheIEEEdoesnotdisplaytheaddressfor
standards.
@standard{IEEEexample:bluebookstandard,
title="TelemetryChannelCoding",
howpublished="ser.BlueBook,No.4",
organization="ConsulativeCommitteeforSpaceDataSystems(CCSDS)",
address="NewportBeach,CA",
type="RecommendationforSpaceDataSystemStandard",
number="101.0-B-4",
month=May,
year="1999",
url="http://www.ccsds.org/documents/pdf/CCSDS-101.0-B-4.pdf"
}




@misc{noauthor_benchmarks_nodate,
	title={Benchmarks{Of}{Many}{ARM}{Boards}{From}{The}{Raspberry}{Pi}{To}{NVIDIA}{Jetson}{TX}2-{Phoronix}},
	url={https://www.phoronix.com/scan.php?page=article&item=march-2017-arm&num=2},
	urldate={2018-05-01},
	file={BenchmarksOfManyARMBoardsFromTheRaspberryPiToNVIDIAJetsonTX2-Phoronix:files/41/scan.html:text/html}
}


@misc{pixy,
	title={Overview-{CMUcam}5{Pixy}-{CMUcam}:{Open}{Source}{Programmable}{Embedded}{Color}{Vision}{Sensors}},
	url={http://cmucam.org/projects/cmucam5},
	urldate={2018-05-01},
	file={Overview-CMUcam5Pixy-CMUcam\:OpenSourceProgrammableEmbeddedColorVisionSensors:files/47/cmucam5.html:text/html}
}



@misc{Raspberr76:online,
author={},
title={RaspberryPiFAQs-FrequentlyAskedQuestions},
howpublished={\url{https://www.raspberrypi.org/help/faqs/}},
month={},
year={},
note={(Accessedon05/02/2018)}
}

@article{maksimovic2014raspberry,
title={RaspberryPiasInternetofthingshardware:performancesandconstraints},
author={Maksimovi{\'c},MirjanaandVujovi{\'c},VladimirandDavidovi{\'c},NikolaandMilo{\v{s}}evi{\'c},VladimirandPeri{\v{s}}i{\'c},Branko},
journal={designissues},
volume={3},
pages={8},
year={2014}
}

@misc{DUALQUAD20:online,
author={},
title={DUALQUAD-Shop–Udoo},
howpublished={\url{https://shop.udoo.org/eu/quad-dual.html?___from_store=other&popup=no}},
month={},
year={},
note={(Accessedon05/02/2018)}
}

@inproceedings{abdullah2016position,
title={PositionestimationandfiredetectionbasedondigitalvideocolorspaceforautonomousquadcopterusingodroidXU4},
author={Abdullah,MuhammadFadhilandWijayanto,InungandRusdinar,Angga},
booktitle={Control,Electronics,RenewableEnergyandCommunications(ICCEREC),2016InternationalConferenceon},
pages={169--173},
year={2016},
organization={IEEE}
}

@misc{ODROIDHa46:online,
author={},
title={ODROID|Hardkernel},
howpublished={\url{http://www.hardkernel.com/main/products/prdt_info.php}},
month={},
year={},
note={(Accessedon05/02/2018)}
}

@misc{DRAGONBO86:online,
author={},
title={DRAGONBOARD410CbyArrowDevelopmentTools|EmbeddedSystemDevelopmentBoardsandKits|Arrow.com},
howpublished={\url{https://www.arrow.com/en/products/dragonboard410c/arrow-development-tools}},
month={},
year={},
note={(Accessedon05/02/2018)}
}

@misc{JetsonFA42:online,
author={},
title={JetsonFAQ|NVIDIADeveloper},
howpublished={\url{https://developer.nvidia.com/embedded/faq}},
month={},
year={},
note={(Accessedon05/04/2018)}
}

@misc{iMX6Solo72:online,
author={},
title={i.MX6Solo/6DualLiteApplicationsProcessorsforIndustrialProductsDataSheet},
howpublished={\url{https://www.nxp.com/docs/en/data-sheet/IMX6SDLIEC.pdf}},
month={},
year={},
note={(Accessedon05/04/2018)}
}

@misc{VideoCor59:online,
author={},
title={VideoCore®IV3DArchitectureReferenceGuide},
howpublished={\url{https://docs.broadcom.com/docs/12358545}},
month={},
year={},
note={(Accessedon05/04/2018)},
organization="BROADCOM",
address="5300CaliforniaAvenue•Irvine,CA92617"
}

@misc{SamsungE46:online,
author={},
title={SamsungExynos5420OctaSoC-NotebookCheck.netTech},
howpublished={\url{https://www.notebookcheck.net/Samsung-Exynos-5420-Octa-SoC.103633.0.html}},
month={},
year={},
note={(Accessedon05/04/2018)}
}

@misc{Benchmar1:online,
author={NickPowers},
title={BenchmarkingPopularSingleBoardComputers|Arrow.com},
howpublished={\url{https://www.arrow.com/en/research-and-events/articles/benchmarking-popular-single-board-computers}},
month={February},
year={2017},
note={(Accessedon05/09/2018)}
}

@misc{Phoronix88:online,
author={MichaelLarabelandMatthewTippett},
title={PhoronixTestSuitev7.8.0},
howpublished={\url{https://www.phoronix-test-suite.com/documentation/phoronix-test-suite.pdf}},
month={},
year={},
note={(Accessedon05/14/2018)}
}

@misc{Benchmar96:online,
author={MichaelLarabel},
title={BenchmarksOfManyARMBoardsFromTheRaspberryPiToNVIDIAJetsonTX2-Phoronix},
howpublished={\url{https://www.phoronix.com/scan.php?page=article&item=march-2017-arm&num=5}},
month={March},
year={2017},
note={(Accessedon05/14/2018)}
}

@misc{OpenBenc27:onlineCRAY,
author = {},
title = {OpenBenchmarking.org - C-Ray Test Profile},
howpublished = {\url{https://openbenchmarking.org/test/pts/c-ray-1.1.0}},
month = {},
year = {},
note = {(Accessed on 06/04/2018)}
}

@misc{OpenBenc95:onlinesmall,
author = {},
title = {OpenBenchmarking.org - Smallpt Test Profile},
howpublished = {\url{https://openbenchmarking.org/test/pts/smallpt-1.0.2}},
month = {},
year = {},
note = {(Accessed on 06/04/2018)}
}

AnexampleofaIEEEtrancontrolentrywhichcanchangesomeIEEEtran.bst
settings.Anentrylikethismustbecitedvia\bstctlcite{}command
beforethefirstreal\cite{}.Thesameentrykeycannotbecalledtwice
(justlikemultiple\cite{}ofthesameentrykeyplaceonlyoneentry
inthebibliography.)
Theavailablecontrolfieldsare:

CTLuse_article_number
"no"turnsoffthedisplayofthenumberforarticles.
"yes"enables

CTLuse_paper
"no"turnsoffthedisplayofthepaperandtypefieldsininproceedings.
"yes"enables

CTLuse_url
"no"turnsoffthedisplayoftheurlfield.
"yes"enables

CTLuse_forced_etal
"no"turnsofftheforceduseof"etal."
"yes"enables

CTLmax_names_forced_etal
Themaximumnumberofnamesthatcanbepresentbeyondwhichan"etal."
usageisforced.BesurethatCTLnames_show_etal(below)
isnotgreaterthanthisvalue!

CTLnames_show_etal
Thenumberofnamesthatwillbeshownwithaforced"etal.".
MustbelessthanorequaltoCTLmax_names_forced_etal

CTLuse_alt_spacing
"no"turnsoffthealternateinterwordspacingforentrieswithURLs.
"yes"enables
Willnothaveanyeffect(isdisabled)ifthedisplayofurlsisdisabled.

CTLalt_stretch_factor
IfalternateinterwordspacingforentrieswithURLsisenabled,thisis
theinterwordspacingstretchfactorthatwillbeused.Forexample,the
default"4"heremeansthattheinterwordspacinginentrieswithURLscan
stretchtofourtimesnormal.Doesnothavetobeaninteger.

CTLdash_repeated_names
"no"turnsoffthe"dashification"ofrepeated(i.e.,identicaltothose
ofthepreviousentry)names.TheIEEEnormallydoesthis.
"yes"enables

CTLname_format_string
ThenameformatcontrolstringasexplainedintheBibTeXstylehacking
guide.
IEEEstyle"{f.~}{vv~}{ll}{,jj}"isthedefault,

CTLname_latex_cmd
ALaTeXcommandthateachnamewillbefedto(e.g.,"\textsc").
Leaveemptyifnospecialfontisdesiredforthenames.
Thedefaultisempty.

CTLname_url_prefix
TheprefixtextusedbeforeURLs(iftheyareenabled).
Thedefaultis"[Online].Available:"Aspacewillbeinsertedafterthis
text.Ifthisspaceisnotwanted,justuse\relaxattheendofthe
prefixtext.


Thosefieldsthatarenottobechangedcanbeleftout.
@IEEEtranBSTCTL{IEEEexample:BSTcontrol,
CTLuse_article_number="yes",
CTLuse_paper="yes",
CTLuse_url="yes",
CTLuse_forced_etal="no",
CTLmax_names_forced_etal="10",
CTLnames_show_etal="1",
CTLuse_alt_spacing="yes",
CTLalt_stretch_factor="4",
CTLdash_repeated_names="yes",
CTLname_format_string="{f.~}{vv~}{ll}{,jj}",
CTLname_latex_cmd="",
CTLname_url_prefix="[Online].Available:"
}


